@article{Chavas2015,
author = {Chavas, Jean-Paul and Shi, Guanming},
file = {:C$\backslash$:/Users/Ariel/AppData/Local/Mendeley Ltd./Mendeley Desktop/Downloaded/Chavas, Shi - 2015 - An Economic Analysis of Risk, Management, and Agricultural Technology.pdf:pdf},
journal = {Journal of Agricultural and Resource Economics},
keywords = {Agribusiness,Research and Development/Tech Change/Emerging Tech,Risk and Uncertainty,certainty equivalente,premium risk},
mendeley-groups = {Risk Analysis},
mendeley-tags = {certainty equivalente,premium risk},
number = {1},
pages = {63--79},
publisher = {Western Agricultural Economics Association},
title = {{An Economic Analysis of Risk, Management, and Agricultural Technology}},
volume = {40},
year = {2015}
}


@article{Hardaker2004,
author = {Hardaker, J. Brian and Richardson, James W. and Lien, Gudbrand and Schumann, Keith D.},
doi = {10.1111/j.1467-8489.2004.00239.x},
issn = {1364-985X},
journal = {The Australian Journal of Agricultural and Resource Economics},
keywords = {SERF,certainty equivalente,premium risk},
mendeley-groups = {Risk Analysis},
mendeley-tags = {SERF,certainty equivalente,premium risk},
month = {6},
number = {2},
pages = {253--270},
publisher = {John Wiley {\&} Sons, Ltd (10.1111)},
title = {{Stochastic efficiency analysis with risk aversion bounds: a simplified approach}},
volume = {48},
year = {2004}
}

@article{zhang2019mpro,
  title="{MPro: Combining Static and Symbolic Analysis for Scalable Testing of Smart Contract}",
  author="{Zhang, William and Banescu, Sebastian and Pasos, Leodardo and Stewart, Steven and Ganesh, Vijay}",
  journal="{arXiv preprint arXiv:1911.00570}",
  year="{2019}"
}

@misc{Website:1,
author = {},
title = {Smart Contracts Definition},
howpublished = {\url{https://www.investopedia.com/terms/s/smart-contracts.asp}},
month = {},
year = {},
note = {(Accessed on 05/27/2020)}
}

@misc{DafnyALa19:online,
author = {},
title = {Dafny: A Language and Program Verifier for Functional Correctness - Microsoft Research},
howpublished = {\url{https://www.microsoft.com/en-us/research/project/dafny-a-language-and-program-verifier-for-functional-correctness/}},
month = {},
year = {},
note = {(Accessed on 05/27/2020)}
}

@inproceedings{kalra2018zeus,
  title={ZEUS: Analyzing Safety of Smart Contracts.},
  author={Kalra, Sukrit and Goel, Seep and Dhawan, Mohan and Sharma, Subodh},
  booktitle={NDSS},
  pages={1--12},
  year={2018}
}

@misc{Solidity58:online,
author = {},
title = {Solidity â€” Solidity 0.6.8 documentation},
howpublished = {\url{https://solidity.readthedocs.io/en/v0.6.8/}},
month = {},
year = {},
note = {(Accessed on 05/26/2020)}
}

@misc{Solidity68:online,
author = {},
title = {Solidity - Wikipedia},
howpublished = {\url{https://en.wikipedia.org/wiki/Solidity}},
month = {},
year = {},
note = {(Accessed on 05/26/2020)}
}

@misc{ANTLR60:online,
author = {},
title = {ANTLR},
howpublished = {\url{https://www.antlr.org/}},
month = {},
year = {},
note = {(Accessed on 05/26/2020)}
}


